@inproceedings{schuster2017beautyburst,
	title = {{Beauty and the Burst: Remote Identification of Encrypted Video Streams}},
	author = {Roei Schuster and Vitaly Shmatikov and Eran Tromer},
	booktitle = {USENIX Security Symposium},
	year = {2017}
}

@inproceedings{white2011phonotactic,
    title={{Phonotactic reconstruction of encrypted voip conversations: Hookt on
    fon-iks}},
    author={{White, Andrew M and Matthews, Austin R and Snow, Kevin Z and
    Monrose, Fabian}},
    booktitle={IEEE Symposium on Security and Privacy (S\&P)},
    year={2011},
}


@inproceedings{bhat2019varcnn,
    title={Var-CNN: A Data-Efficient Website Fingerprinting Attack Based on Deep
    Learning},
    author={Bhat, Sanjit and Lu, David and Kwon, Albert and Devadas, Srinivas},
    booktitle={Privacy Enhancing Technologies Symposium (PETS)},
    year={2019}
}


@inproceedings{wang2014supersequence,
    title={{Effective Attacks and Provable Defenses for Website Fingerprinting}},
    author={Wang, Tao and Cai, Xiang and Nithyanand, Rishab and Johnson, Rob
    and Goldberg, Ian},
    booktitle={USENIX Security Symposium},
    year={2014}
}

@inproceedings{luo2011httpos,
	title = {{HTTPOS: Sealing Information Leaks with Browser-side Obfuscation of Encrypted Flows}},
	author = {Luo, Xiapu and Zhou, Peng and Chan, Edmond WW and Lee, Wenke and Chang, Rocky KC and Perdisci, Roberto},
	booktitle = {Network and Distributed System Security Symposium (NDSS)},
	volume = {11},
	year = {2011}
}


@inproceedings{shan2021dolos,
    title={{Patch-based Defenses against Web Fingerprinting Attacks}},
    author={Shan, Shawn and Bhagoji, Arjun Nitin and Zheng, Haitao and Zhao, Ben
    Y},
    booktitle={ACM Workshop on Artificial Intelligence and Security (AISec)},
    year={2021}
}

@inproceedings{nasr2021blind,
    title={{Defeating DNN-Based Traffic Analysis Systems in Real-Time With Blind
    Adversarial Perturbations}},
    author={Nasr, Milad and Bahramali, Alireza and Houmansadr, Amir},
    booktitle={USENIX Security Symposium},
    year={2021}
}

@article{rahman2020mockingbird,
    title={{Mockingbird: Defending Against Deep-Learning-Based Website
    Fingerprinting Attacks with Adversarial Traces}},
    author={Rahman, Mohammad Saidur and Imani, Mohsen and Mathews, Nate and
    Wright, Matthew},
    journal={IEEE Transactions on Information Forensics and Security},
    volume={16},
    pages={1594--1609},
    year={2020},
}


@inproceedings{sirinam2018df,
    title={Deep Fingerprinting: Undermining Website Fingerprinting Defenses with
    Deep Learning},
    author={Sirinam, Payap and Imani, Mohsen and Juarez, Marc and Wright,
    Matthew},
    booktitle={ACM SIGSAC Conference on Computer and Communications Security
    (CCS)},
    year={2018}
}
@inproceedings{saponas2007devices,
    title={{Devices That Tell on You: Privacy Trends in Consumer Ubiquitous
      Computing.}},
    author={Saponas, T Scott and Lester, Jonathan and Hartung, Carl and Agarwal, Sameer and Kohno, Tadayoshi and others},
    booktitle={USENIX Security Symposium},
    year={2007}
}
@inproceedings{gong2020zero,
    title={{Zero-delay Lightweight Defenses against Website Fingerprinting}},
    author={Gong, Jiajun and Wang, Tao},
    booktitle={USENIX Security Symposium},
    year={2020}
}
@inproceedings{cai2014csbuflo,
    title={{CS-BuFLO: A Congestion Sensitive Website Fingerprinting
    Defense}},
    author={Cai, Xiang and Nithyanand, Rishab and Johnson, Rob},
    booktitle={Workshop on Privacy in the Electronic Society (WPES)},
    year={2014},
}

@inproceedings{lu2018dynaflow,
    title={{DynaFlow: An Efficient Website Fingerprinting Defense Based on
    Dynamically-Adjusting Flows}},
    author={Lu, David and Bhat, Sanjit and Kwon, Albert and Devadas, Srinivas},
    booktitle={Workshop on Privacy in the Electronic Society (WPES)},
    year={2018},
}
@inproceedings{juarez2016wtfpad,
  title={{Toward an Efficient Website Fingerprinting Defense}},
  author={Juarez, Marc and Imani, Mohsen and Perry, Mike and Diaz, Claudia and Wright, Matthew},
  booktitle={European Symposium on Research in Computer Security (ESORICS)},
  year={2016},
}
@inproceedings{cai2014tamaraw,
    title={{A systematic approach to developing and evaluating website
    fingerprinting defenses}},
    author={Cai, Xiang and Nithyanand, Rishab and Wang, Tao and Johnson, Rob
    and Goldberg, Ian},
    booktitle={ACM SIGSAC Conference on Computer and Communications Security
    (CCS)},
    year={2014},
}



@inproceedings{hayes2016kfp,
    title={{k-fingerprinting: A Robust Scalable Website Fingerprinting
    Technique}},
    author={Hayes, Jamie and Danezis, George},
    booktitle={{USENIX} Security Symposium},
    year={2016}
}